%% This BibTeX bibliography file was created using BibDesk.
%% https://bibdesk.sourceforge.io/

%% Created for Daniel Koch at 2019-10-12 21:56:24 +0200 


%% Saved with string encoding Unicode (UTF-8) 


@inproceedings{gmapping2,
	author={G. {Grisettiyz} and C. {Stachniss} and W. {Burgard}},
	booktitle={Proceedings of the 2005 IEEE International Conference on Robotics
	and Automation},
	title={Improving Grid-based SLAM with Rao-Blackwellized Particle Filters by
	Adaptive Proposals and Selective Resampling},
	year={2005},
	volume={},
	number={},
	pages={2432-2437},
	keywords={Simultaneous localization and mapping;Particle
	filters;Proposals;Mobile robots;Distributed computing;Large-scale
	systems;Orbital robotics;Adaptive filters;Computer science;Uncertainty},
	doi={10.1109/ROBOT.2005.1570477},
	ISSN={},
	month={April},}

@inproceedings{gmapping,
	Author = {Giorgio Grisetti, Cyrill Stachniss, and Wolfram Burgard},
	Booktitle = {IEEE Transactions on Robotics},
	Date-Added = {2019-08-19 19:32:56 +0200},
	Date-Modified = {2019-08-19 19:34:04 +0200},
	Pages = {34-46},
	Title = {Improved Techniques for Grid Mapping with Rao-Blackwellized Particle Filters},
	Volume = {23},
	Year = 2007}

@webpage{urdfRosWiki,
	Date-Added = {2019-08-04 22:14:42 +0200},
	Date-Modified = {2019-08-04 22:14:57 +0200},
	Note = {(Accessed on 07/24/2019)},
	Title = {urdf - ROS Wiki},
	Url = {http://wiki.ros.org/urdf},
	Bdsk-Url-1 = {http://wiki.ros.org/Distributions}}

@webpage{xacroRosWiki,
	Date-Added = {2019-08-04 22:11:44 +0200},
	Date-Modified = {2019-08-04 22:15:03 +0200},
	Note = {(Accessed on 07/24/2019)},
	Title = {xacro - ROS Wiki},
	Url = {http://wiki.ros.org/xacro},
	Bdsk-Url-1 = {http://wiki.ros.org/Distributions}}

@book{pioneer3operationsmanual,
	Date-Added = {2019-07-27 11:33:10 +0200},
	Date-Modified = {2019-07-27 11:34:07 +0200},
	Howpublished = {\url{http://vigir.missouri.edu/~gdesouza/Research/MobileRobotics/Software/P3OpMan5.pdf}},
	Publisher = {Mobile Robots Inc},
	Title = {Pioneer 3 Operations Manual},
	Year = {2007},
	Url = {http://vigir.missouri.edu/~gdesouza/Research/MobileRobotics/Software/P3OpMan5.pdf}}

@webpage{gmappingRosWiki,
	Date-Added = {2019-07-24 09:17:18 +0200},
	Date-Modified = {2019-07-24 09:17:33 +0200},
	Note = {(Accessed on 07/24/2019)},
	Title = {Gmapping - ROS Wiki},
	Url = {http://wiki.ros.org/gmapping},
	Bdsk-Url-1 = {http://wiki.ros.org/Distributions}}

@webpage{hectorMappingRosWiki,
	Date-Added = {2019-07-24 09:15:24 +0200},
	Date-Modified = {2019-07-24 09:15:41 +0200},
	Note = {(Accessed on 07/24/2019)},
	Title = {Hector Mapping - ROS Wiki},
	Url = {http://wiki.ros.org/hector_mapping},
	Bdsk-Url-1 = {http://wiki.ros.org/Distributions}}

@webpage{cartographerRosWiki,
	Date-Added = {2019-07-24 09:14:50 +0200},
	Date-Modified = {2019-07-24 09:15:12 +0200},
	Note = {(Accessed on 07/24/2019)},
	Title = {Cartographer - ROS Wiki},
	Url = {http://wiki.ros.org/cartographer},
	Bdsk-Url-1 = {http://wiki.ros.org/Distributions}}

@inproceedings{45466,
	author={W. {Hess} and D. {Kohler} and H. {Rapp} and D. {Andor}},
	booktitle={2016 IEEE International Conference on Robotics and Automation (ICRA)},
	title={Real-time loop closure in 2D LIDAR SLAM},
	year={2016},
	volume={},
	number={},
	pages={1271-1278},
	keywords={data visualisation;distance measurement;optical radar;real-time systems;SLAM (robots);tree searching;real-time loop closure;2D LIDAR SLAM;portable laser range-finders;simultaneous localization and mapping;as-built floor plans;floor plans visualization;backpack mapping platform;branch-and-bound approach;Simultaneous localization and mapping;Optimization;Real-time systems;Laser radar;Buildings;Feature extraction;Upper bound},
	doi={10.1109/ICRA.2016.7487258},
	ISSN={},
	month={May}}
	
@inproceedings{KohlbrecherMeyerStrykKlingaufFlexibleSlamSystem2011,
	author={S. {Kohlbrecher} and O. {von Stryk} and J. {Meyer} and U. {Klingauf}},
	booktitle={2011 IEEE International Symposium on Safety, Security, and Rescue Robotics},
	title={A flexible and scalable SLAM system with full 3D motion estimation},
	year={2011},
	volume={},
	number={},
	pages={155-160},
	keywords={motion estimation;optical radar;SLAM (robots);scalable SLAM system;full 3D motion estimation;urban search and rescue scenario;unknown environments;online learning;occupancy grid maps;robust scan matching approach;LIDAR system;3D attitude estimation system;inertial sensing;map gradients;Simultaneous localization and mapping;Navigation;Laser radar;Three dimensional displays;Equations;Simultaneous Localization and Mapping;Inertial Navigation;Robust and Fast Localization},
	doi={10.1109/SSRR.2011.6106777},
	ISSN={},
	month={Nov}}

@webpage{distributionsRosWiki,
	Date-Added = {2019-07-13 12:29:35 +0200},
	Date-Modified = {2019-07-13 12:30:17 +0200},
	Note = {(Accessed on 07/13/2019)},
	Title = {Distributions - ROS Wiki},
	Url = {http://wiki.ros.org/Distributions},
	Bdsk-Url-1 = {http://wiki.ros.org/Distributions}}

@webpage{cartographerInstallation,
	Date-Added = {2019-08-15 12:29:35 +0200},
	Date-Modified = {2019-08-15 12:30:17 +0200},
	Note = {(Accessed on 15/08/2019)},
	Title = {Compiling Cartographer ROS \& Cartographer ROS documentation},
	Url = {https://google-cartographer-ros.readthedocs.io/en/latest/compilation.html},
	Bdsk-Url-1 = {https://google-cartographer-ros.readthedocs.io/en/latest/compilation.html}}

@article{rosAnOpenSourceRobotOperatingSystem,
	title={ROS: an open-source Robot Operating System},
	author={Quigley, Morgan and Conley, Ken and Gerkey, Brian and Faust, Josh and Foote, Tully and Leibs, Jeremy and Wheeler, Rob and Ng, Andrew Y},
	booktitle={ICRA workshop on open source software},
	volume={3},
	number={3.2},
	pages={5},
	year={2009},
	organization={Kobe, Japan}
}

@book{learningROSForRoboticsProgramming,
	Author = {Aaron Martinez},
	Date-Added = {2019-07-10 20:14:24 +0200},
	Date-Modified = {2019-10-12 21:50:20 +0200},
	Publisher = {Packt Publishing Ltd.},
	Title = {Learning ROS for Robotics Programming},
	Volume = {2},
	Year = {2013}}

@book{gentleIntroductionToROS,
	Author = {Jason M. O'Kane},
	Date-Added = {2019-07-10 20:13:44 +0200},
	Date-Modified = {2019-10-12 21:51:41 +0200},
	Publisher = {Department of Computer Science and Engineering},
	Title = {A Gentle Introduction to ROS},
	Volume = {2.1.2},
	Year = {2013}}
